@book{Cox-Little-Shea2015,
      Author =    {Cox, David A. and Little, John and O'Shea, Donald},
      Title =     {Ideals, Varieties, and Algorithms: An Introduction to Computational Algebraic Geometry and Commutative Algebra},
      Publisher = {Springer},
      Year =      {2015},
      ISBN =      {978-3-319-16720-6},
      pages  =    {646},
}

@article{Lasserre,
  author =     {Lasserre, Jean B.},
  title =      {Global Optimization with Polynomials and the Problem of Moments},
  journal =    {Society for Industrial and Applied Mathematics Journal on Optimization},
  year =       {2001},
  volume =     {11},
  pages =      {796--817}
}

@incollection{Laurent2012,
  title={The approach of moments for polynomial equations},
  author={Laurent, Monique and Rostalski, Philipp},
  booktitle={Handbook on Semidefinite, Conic and Polynomial Optimization},
  pages={25--60},
  year={2012},
  publisher={Springer}
}

@Book{Becker93,
  author =     {Becker, Thomas and Weispfenning, Volker},
  title =      {Gr{\"o}bner Bases, A Computational Approach to Commutative Algebra},
  publisher =  {Springer-Verlag},
  address =    {New York, NY},
  year =       {1993},
  isbn =       {0-387-97971-9},
  series =     {Graduate Texts in Mathematics},
  number =     {141},
  hardcopy =   {CMP.book.A411},
  signature =  {2006-940},
  pincode =    {3102003215},
}

@phdthesis{Buchberger,
  author =       {Buchberger, Bruno},
  title =        {Ein Algorithmus zum Auffinden der Basiselemente des Rest\-klassenringes nach einem nulldimensionalen Polynomideal},
  school =       {Mathema\-tical Institute, University of Innsbruck, Austria},
  year =         {1965},
}

@article{Gebauer-Moller88,
  Author =		{Gebauer,R\"udiger and M\"oller,Hans-Michael},
  Title =		{On an installation of Buchberger's Algorithm},
  Journal =		{Journal of Symbolic Computation},
  Year =		{1988},
  Number =		{2--3},
  Pages = 		{275--286},
  Volume = 		{6},
  Month =		{October},
}

@article{F4,
  Author =     {Faug\`ere,Jean-Charles},
  Title =      {A new efficient algorithm for computing Gr\"obner bases ($F_4$)},
  Journal =    {Journal of pure and applied algebra},
  Year =       {1999},
  Number =     {1--3},
  Pages =      {61--88},
  Volume =     {139},
  Month =      {July},
  Publisher =  {Elsevier},
  url =        {http://www-salsa.lip6.fr/~jcf/Papers/F99a.pdf},
}

@inproceedings{F5,
  Author = 		{Faug\`ere,Jean-Charles},
  Title = 		{A new efficient algorithm for computing Gr\"obner bases without reduction to zero ($F_5$)},
  Booktitle = 		{Papers from the International Symposium on Symbolic and Algebraic Computation},
  Series = 		{ISSAC '02},
  Year = 		{2002},
  isbn = 		{1-58113-484-3},
  location = 		{Lille, France},
  Pages = 		{75--83},
  Numpages = 		{9},
  doi = 		{10.1145/780506.780516},
  acmid = 		{780516},
  publisher = 		{ACM},
  address = 		{New York, NY, USA},
  url = 		{http://www-salsa.lip6.fr/~jcf/Papers/F02a.pdf},
}

@inproceedings{FGb,
  author = {Faugère, Jean-Charles},
  title = {{FGb: A Library for Computing Gröbner Bases}},
  booktitle = {{Mathematical Software - ICMS 2010}},
  series = {Lecture Notes in Computer Science},
  editor = {Fukuda, Komei and Hoeven, Joris and Joswig, Michael
            and Takayama, Nobuki},
  publisher = {Springer Berlin / Heidelberg},
  year = {2010},
  pages = {84--87},
  volume = {6327},
  doi = {10.1007/978-3-642-15582-6_17},
  address = {Berlin, Heidelberg},
  location = {Kobe, Japan},
  month = {September}
}

@inproceedings{AutoGen,
  author =     {Kukelova,Zuzana and Bujnak,Martin and Pajdla,Tomas},
  title =      {Automatic Generator of Minimal Problem Solvers},
  year =       {2008},
  series =     {ECCV 2008},
  location =   {Marseille, France},
  month =      {October 12--18},
  booktitle =  {Proceedings of The 10th European Conference on Computer Vision},
}

@InProceedings{Larsson2017,
  author =       {Larsson, Viktor and Astrom, Kalle and Oskarsson, Magnus},
  title =        {Efficient Solvers for Minimal Problems by Syzygy-Based Reduction},
  booktitle =    {The IEEE Conference on Computer Vision and Pattern Recognition (CVPR)},
  month =        {July},
  year =         {2017}
}

@article{ransac,
  author =       {Fischler, Martin A. and Bolles, Robert C.},
  title =        {Random Sample Consensus: A Paradigm for Model Fitting with Applications to Image Analysis and Automated Cartography},
  journal =      {Communications of the ACM},
  volume =       {24},
  number =       {6},
  month =        {June},
  year =         {1981},
  issn =         {0001-0782},
  pages =        {381--395},
  numpages =     {15},
  url =          {http://doi.acm.org/10.1145/358669.358692},
  publisher =    {ACM},
  address =      {New York, NY, USA},
  keywords =     {automated cartography, camera calibration, image matching, location determination, model fitting, scene analysis},
}

@article{5pt,
  author =       {Stewenius,Henrik and Engels,Christopher and Nister,David},
  title =        {Recent Developments on Direct Relative Orientation},
  Journal =      {ISPRS Journal of Photogrammetry and Remote Sensing},
  Year =         {2006},
  Number =       {4},
  Pages =        {284--294},
  Volume =       {60},
  Month =        {May},
}

@article{p3p,
  author =       {Xiao-Shan Gao and Xiao-Rong Hou and Jianliang Tang and Hang-Fei Cheng},
  journal =      {IEEE Transactions on Pattern Analysis and Machine Intelligence},
  title =        {Complete solution classification for the perspective-three-point problem},
  year =         {2003},
  volume =       {25},
  number =       {8},
  pages =        {930-943},
  keywords =     {computational geometry;computer vision;polynomials;CASSC;P3P equation system;algebraic approach;complete solution classification;geometric approach;perspective-three-point problem;pose estimation;triangular decomposition;zero decomposition algorithm;Algorithm design and analysis;Automatic control;Calibration;Cameras;Equations;Helium;Layout;Robot vision systems;Robotics and automation;Robustness},
  month =        {August}
}

@incollection{SOS,
  author =     {Laurent, Monique},
  title =      {Sums of Squares, Moment Matrices and Optimization Over Polynomials},
  bookTitle =  {Emerging Applications of Algebraic Geometry},
  year =       {2009, Updated version from 2010},
  publisher =  {Springer New York},
  pages =      {157--270},
  note =       {\url{http://homepages.cwi.nl/~monique/files/moment-ima-update-new.pdf} [Online; accessed 2017-05-05]},
  isbn =       {978-0-387-09686-5},
  doi =        {10.1007/978-0-387-09686-5_7},
  url =        {http://dx.doi.org/10.1007/978-0-387-09686-5_7}
}

@misc{HenrionLectures,
  author =     {Henrion, Didier},
  title =      {Optimization on linear matrix inequalities for polynomial systems control},
  month =      {September},
  year =       {2014}
}

@article{gloptipoly,
  author =     {Henrion, Didier and Lasserre, Jean-Bernard and L\"ofberg, Johan},
  title =      {GloptiPoly 3: Moments, Optimization and Semidefinite Programming},
  journal =    {Optimization Methods Software},
  issue_date = {August 2009},
  volume =     {24},
  number =     {4--5},
  month =      {August},
  year =       {2009},
  pages =      {761--779},
  numpages =   {19},
  url =        {http://dx.doi.org/10.1080/10556780802699201},
  publisher =  {Taylor \& Francis, Inc.},
  address =    {Bristol, PA, USA},
  keywords =   {global optimization, moments, polynomials, semidefinite programming},
}

@Article{sedumi,
  author =     {Sturm,Jos F.},
  title =      {Using {SeDuMi} 1.02, a {MATLAB} toolbox for optimization over symmetric cones},
  journal =    {Optimization Methods and Software},
  year =       {1999},
  volume =     {11--12},
  pages =      {625--653},
  note =       {Version 1.05 available from {\url{http://fewcal.kub.nl/sturm}}}
}

@inproceedings{yalmip,
  address =    {Taipei, Taiwan},
  author =     {L{\"{o}}fberg, Johan},
  booktitle =  {Proceedings of the CACSD Conference},
  title =      {{YALMIP} : A Toolbox for Modeling and Optimization in {MATLAB}},
  year =       {2004}
}

@manual{mosek,
  author =     {{MOSEK ApS}},
  title =      {The MOSEK optimization toolbox for MATLAB manual. Version 7.1 (Revision 28)},
  year =       {2015},
  note =       {\url{http://docs.mosek.com/7.1/toolbox/index.html} [Online; accessed 2017-04-25]}
}

@article{gposolver,
  author =       {Heller, Jan and Pajdla, Tomas},
  title =        {GpoSolver: A Matlab/C++ Toolbox for Global Polynomial Optimization},
  journal =      {Optimization Methods Software},
  issue_date =   {April 2016},
  volume =       {31},
  number =       {2},
  month =        {March},
  year =         {2016},
  issn =         {1055-6788},
  pages =        {405--434},
  numpages =     {30},
  url =          {http://dx.doi.org/10.1080/10556788.2015.1121489},
  doi =          {10.1080/10556788.2015.1121489},
  acmid =        {2890702},
  publisher =    {Taylor \& Francis, Inc.},
  keywords =     {global polynomial optimization, linear matrixinequalities, polynomial matrix inequalities, semidefinite programming relaxations},
}

@MISC{sostools,
  author =       {Stephen Prajna and Antonis Papachristodoulou and Peter Seiler and Pablo A. Parrilo},
  title =        {SOSTOOLS: Sum of squares optimization toolbox for MATLAB},
  year =         {2004}
}

@BOOK{Jazar2007,
 Author =    {Jazar, Reza},
 Title =     {Theory of Applied Robotics: Kinematics, Dynamics, and Control},
 Publisher = {Springer},
 Year =      {2007},
 ISBN =      {978-0387324753},
 hardcopy =  {CMP.book.B361},
 signature = {091979},
 pincode =   {},
}

@book{shigley1980theory,
  title={Theory of machines and mechanisms},
  author={Shigley, J.E. and Uicker, J.J.},
  isbn={9780070568846},
  lccn={79019705},
  series={McGraw-Hill series in mechanical engineering},
  url={https://books.google.cz/books?id=hkhSAAAAMAAJ},
  year={1980},
  publisher={McGraw-Hill}
}

@inproceedings{Raghavan1993InverseKO,
  title={Inverse Kinematics of the General 6R Manipulator and Related Linkages},
  author={Manasa Raghavan and Bernard Roth},
  year={1993}
}

@inproceedings{Raghavan1995SolvingPS,
  title={Solving Polynomial Systems for the Kinematic Analysis and Synthesis of Mechanisms and Robot Manipulators},
  author={Manasa Raghavan and Bernard Roth},
  year={1995}
}

@article{MAYR1982305,
  title = "The complexity of the word problems for commutative semigroups and polynomial ideals",
  journal = "Advances in Mathematics",
  volume = "46",
  number = "3",
  pages = "305 - 329",
  year = "1982",
  issn = "0001-8708",
  doi = "https://doi.org/10.1016/0001-8708(82)90048-2",
  url = "http://www.sciencedirect.com/science/article/pii/0001870882900482",
  author = "Ernst W Mayr and Albert R Meyer"
}

@article{Manocha-Canny1994,
  author    = {Dinesh Manocha and
               John F. Canny},
  title     = {Efficient inverse kinematics for general 6R manipulators},
  journal   = {{IEEE} Trans. Robotics and Automation},
  volume    = {10},
  number    = {5},
  pages     = {648--657},
  year      = {1994},
  url       = {https://doi.org/10.1109/70.326569},
  doi       = {10.1109/70.326569},
  timestamp = {Wed, 14 Nov 2018 10:14:23 +0100},
  biburl    = {https://dblp.org/rec/bib/journals/trob/ManochaC94},
  bibsource = {dblp computer science bibliography, https://dblp.org}
}

@phdthesis{Diankov2010,
 author = {Diankov, Rosen},
 advisor = {Kanade, Takeo and Kuffner, James},
 title = {Automated Construction of Robotic Manipulation Programs},
 year = {2010},
 isbn = {978-1-124-53547-0},
 note = {AAI3448143},
 publisher = {Carnegie Mellon University},
 address = {Pittsburgh, PA, USA},
}

@book{Lasserre2015,
  title={An introduction to polynomial and semi-algebraic optimization},
  author={Lasserre, Jean Bernard},
  volume={52},
  year={2015},
  publisher={Cambridge University Press}
}

@inproceedings{Kuhlemann2016,
  title={Robust inverse kinematics by configuration control for redundant manipulators with seven DoF},
  author={Kuhlemann, I and Schweikard, A and Jauer, P and Ernst, F},
  booktitle={2016 2nd International Conference on Control, Automation and Robotics (ICCAR)},
  pages={49--55},
  year={2016},
  organization={IEEE}
}

@inproceedings{Raghaven1990,
 author = {Raghaven, Madhusudan and Roth, Bernard},
 title = {Kinematic Analysis of the 6R Manipulator of General Geometry},
 booktitle = {The Fifth International Symposium on Robotics Research},
 year = {1990},
 isbn = {0-262-13253-2},
 pages = {263--269},
 numpages = {7},
 url = {http://dl.acm.org/citation.cfm?id=112687.112715},
 acmid = {112715},
 publisher = {MIT Press},
 address = {Cambridge, MA, USA},
}

@inproceedings{Lazard1993,
  title={Generalized Stewart platform: How to compute with rigid motions},
  author={Daniel Lazard},
  year={1993}
}

@article{Dai2019,
  title={Global inverse kinematics via mixed-integer convex optimization},
  author={Dai, Hongkai and Izatt, Gregory and Tedrake, Russ},
  journal={The International Journal of Robotics Research},
  pages={0278364919846512},
  year={2017},
  publisher={SAGE Publications Sage UK: London, England}
}

@inproceedings{Dai2014,
  title={Whole-body motion planning with centroidal dynamics and full kinematics},
  author={Dai, Hongkai and Valenzuela, Andr{\'e}s and Tedrake, Russ},
  booktitle={2014 IEEE-RAS International Conference on Humanoid Robots},
  pages={295--302},
  year={2014},
  organization={IEEE}
}

@inproceedings{Zhou1997,
  title={Joint configuration conservation and joint limit avoidance of redundant manipulators},
  author={Zhou, Zhen-Lei and Nguyen, Charles C},
  booktitle={Proceedings of International Conference on Robotics and Automation},
  volume={3},
  pages={2421--2426},
  year={1997},
  organization={IEEE}
}

@article{DH,
  title={A kinematic notation for lower pair mechanisms based on matrices},
  author={Hartenberg, Richard S and Denavit, Jacques},
  journal={Journal of applied mechanics},
  volume={77},
  number={2},
  pages={215--221},
  year={1955}
}

@article{Buss2004,
  title={Introduction to inverse kinematics with jacobian transpose, pseudoinverse and damped least squares methods},
  author={Buss, Samuel R},
  journal={IEEE Journal of Robotics and Automation},
  volume={17},
  number={1-19},
  pages={16},
  year={2004}
}

@inproceedings{Larsson2018,
  author    = {Viktor Larsson and
               Magnus Oskarsson and
               Kalle {\AA}str{\"{o}}m and
               Alge Wallis and
               Zuzana Kukelova and
               Tom{\'{a}}s Pajdla},
  title     = {Beyond Grobner Bases: Basis Selection for Minimal Solvers},
  booktitle = {2018 {IEEE} Conference on Computer Vision and Pattern Recognition,
               {CVPR} 2018, Salt Lake City, UT, USA, June 18-22, 2018},
  pages     = {3945--3954},
  year      = {2018}
}

@article{ks13,
  title={An exact duality theory for semidefinite programming based on sums of squares},
  author={Klep, Igor and Schweighofer, Markus},
  journal={Mathematics of Operations Research},
  volume={38},
  number={3},
  pages={569--590},
  year={2013},
  publisher={INFORMS}
}

@article{4p3v,
  title={Four points in two or three calibrated views: Theory and practice},
  author={Nist{\'e}r, David and Schaffalitzky, Frederik},
  journal={International Journal of Computer Vision},
  volume={67},
  number={2},
  pages={211--231},
  year={2006},
  publisher={Springer}
}
